<?xml version="1.0" encoding="UTF-8"?><collection xmlns="http://www.loc.gov/MARC21/slim"><record><leader>00417nam--2200133-i-4500</leader><controlfield tag="001">000021288</controlfield><controlfield tag="002">20161230</controlfield><controlfield tag="005">20161230201034</controlfield><controlfield tag="008">060222s1000------------r-----000-0-eng-d</controlfield><datafield ind1=" " ind2=" " tag="080"><subfield code="a">621.396.029.63/64(023)=59</subfield></datafield><datafield ind1=" " ind2=" " tag="100"><subfield code="a">Jerebtov, I.P</subfield></datafield><datafield ind1=" " ind2=" " tag="245"><subfield code="a">Introducere in radiotehnica undelor decimetrice si centimetrice. traducere din l.rusa</subfield></datafield><datafield ind1=" " ind2=" " tag="260"><subfield code="a">[Bucuresti], Ed.Energetica De Stat, 1955, 194p.Cu Ilustr</subfield></datafield><datafield ind1=" " ind2=" " tag="852"><subfield code="a">3994</subfield></datafield></record></collection>